<record><leader>00000cas a22000007a 4500</leader><controlfield tag="001">18976254</controlfield><controlfield tag="008">890106d18891925mouwr ne      0    0eng d</controlfield><datafield ind1=" " ind2=" " tag="010"><subfield code="a">sn 88068045 </subfield></datafield><datafield ind1=" " ind2=" " tag="040"><subfield code="a">MQN</subfield><subfield code="b">eng</subfield><subfield code="c">MQN</subfield><subfield code="d">OCLCQ</subfield><subfield code="d">OCLCF</subfield><subfield code="d">OCLCO</subfield></datafield><datafield ind1=" " ind2=" " tag="042"><subfield code="a">msc</subfield></datafield><datafield ind1=" " ind2=" " tag="043"><subfield code="a">n-us-mo</subfield></datafield><datafield ind1="0" ind2="0" tag="245"><subfield code="a">Bevier appeal.</subfield></datafield><datafield ind1=" " ind2=" " tag="260"><subfield code="a">Bevier, Mo. :</subfield><subfield code="b">F.D. Jones</subfield></datafield><datafield ind1=" " ind2=" " tag="300"><subfield code="a">v.</subfield></datafield><datafield ind1=" " ind2=" " tag="310"><subfield code="a">Weekly</subfield></datafield><datafield ind1="1" ind2=" " tag="362"><subfield code="a">Ceased 1925.</subfield></datafield><datafield ind1=" " ind2=" " tag="580"><subfield code="a">Continued by: Shelby County independent (Clarence, Mo.)?</subfield></datafield><datafield ind1=" " ind2=" " tag="588"><subfield code="a">Description based on: Vol. 2, no. 7 (Oct. 31, 1890).</subfield></datafield><datafield ind1=" " ind2="0" tag="651"><subfield code="a">Bevier (Mo.)</subfield><subfield code="v">Newspapers.</subfield></datafield><datafield ind1=" " ind2="7" tag="655"><subfield code="a">Newspapers.</subfield><subfield code="2">fast</subfield><subfield code="0">(OCoLC)fst01423814</subfield></datafield><datafield ind1=" " ind2="7" tag="651"><subfield code="a">Missouri</subfield><subfield code="z">Bevier.</subfield><subfield code="2">fast</subfield><subfield code="0">(OCoLC)fst01227156</subfield></datafield><datafield ind1=" " ind2=" " tag="752"><subfield code="a">United States</subfield><subfield code="b">Missouri</subfield><subfield code="c">Macon</subfield><subfield code="d">Bevier.</subfield></datafield><datafield ind1="1" ind2="0" tag="785"><subfield code="t">Shelby County independent (Clarence, Mo.)</subfield><subfield code="w">(DLC)sn 88068057</subfield></datafield></record>